@misc{Appelhans,
    Author = {{David Appelhans}},
    Howpublished = {\url{https://www.openacc.org/sites/default/files/inline-images/Specification/OpenACC-3.2-final.pdf}},
    Title = {Matrix Transpose Cache Title}
}

@misc{OpenACCSpec,
	Author = {{OpenACC}},
	Howpublished = {\url{https://www.openacc.org/sites/default/files/inline-images/Specification/OpenACC-3.2-final.pdf}},
	Title = {OpenACC 3.2 Specification}
}

@misc{OpenACCBest,
	Author = {{OpenACC}},
	Howpublished = {\url{https://www.openacc.org/sites/default/files/inline-files/OpenACC_Programming_Guide_0.pdf}},
	Title = {OpenACC Programming and Best Practices Guide June 2015}
}

@misc{Vasanth,
    Author = {{Joel Vasanth}},
    Howpublished = {\url{https://github.com/OpenACC/openacc-examples/blob/main/Submissions/C_C++/report_cholesky.pdf}},
    Title = {Cholesky Decomposition on the GPU}
}
